<?xml version="1.0" encoding="UTF-8"?><record xmlns="http://www.loc.gov/MARC21/slim" xmlns:cinclude="http://apache.org/cocoon/include/1.0" xmlns:zs="http://www.loc.gov/zing/srw/">
  <leader>00889cz  a2200205n  4500</leader>
  <controlfield tag="001">n  80144947 </controlfield>
  <controlfield tag="003">DLC</controlfield>
  <controlfield tag="005">19950519053305.7</controlfield>
  <controlfield tag="008">810119n| acannaab|          |a ana |||  </controlfield>
  <datafield tag="010" ind1=" " ind2=" ">
    <subfield code="a">n  80144947 </subfield>
  </datafield>
  <datafield tag="035" ind1=" " ind2=" ">
    <subfield code="a">(OCoLC)oca00525097 </subfield>
  </datafield>
  <datafield tag="040" ind1=" " ind2=" ">
    <subfield code="a">DLC</subfield>
    <subfield code="c">DLC</subfield>
    <subfield code="d">DLC</subfield>
    <subfield code="d">OCoLC</subfield>
  </datafield>
  <datafield tag="110" ind1="2" ind2="0">
    <subfield code="a">Catholic Relief Services</subfield>
  </datafield>
  <datafield tag="410" ind1="2" ind2="0">
    <subfield code="a">National Catholic Welfare Conference.</subfield>
    <subfield code="b">Catholic Relief Services</subfield>
  </datafield>
  <datafield tag="410" ind1="2" ind2="0">
    <subfield code="a">United States Catholic Conference.</subfield>
    <subfield code="b">Catholic Relief Services</subfield>
  </datafield>
  <datafield tag="410" ind1="2" ind2="0">
    <subfield code="a">CRS</subfield>
  </datafield>
  <datafield tag="410" ind1="2" ind2="0">
    <subfield code="a">C.R.S.</subfield>
  </datafield>
  <datafield tag="510" ind1="2" ind2="0">
    <subfield code="w">a</subfield>
    <subfield code="a">War Relief Services-National Catholic Welfare Conference (U.S.)</subfield>
  </datafield>
  <datafield tag="670" ind1=" " ind2=" ">
    <subfield code="a">Egan, E.M. The works of peace, 1965.</subfield>
  </datafield>
  <datafield tag="670" ind1=" " ind2=" ">
    <subfield code="a">NUCMC data from Center for Migration Studies of New York for Its Records, 1944-1971</subfield>
    <subfield code="b">(Catholic Relief Services; est. 1943 by National Catholic Welfare Conference as War Relief Services [-National Catholic Welfare Conference]; name changed 1955)</subfield>
  </datafield>
</record>